@misc{Buterin16,
    author = {Vitalik Buterin},
    howpublished = {{Medium.com}},
    title = {{Thoughts on UTXOs by Vitalik Buterin, Co-Founder of Ethereum}},
    year = 2016,
    note = {\url{https://medium.com/@ConsenSys/thoughts-on-utxo-by-vitalik-buterin-2bb782c67e53}},
}

@misc{Buterin17,
    author={Vitalik Buterin},
    title ={{The stateless client concept}},
    year=2017,
    howpublished={ethresear.ch},
    note={\url{https://ethresear.ch/t/ the-stateless-client-concept/172}},
}

@misc{Cor16,
    author = {{Corda}},
    title = {{Rationale for and tradeoffs in adopting a UTXO-style model}},
    howpublished = {{Corda Blog}},
    year = 2016,
    note = {\url{https://www.corda.net/blog/rationale-for-and-tradeoffs-in-adopting-a-utxo-style-model/}},
}

@misc{Dai17,
    author = {{Patrick Dai}},
    title = {{Why Qtum Choose UTXO Model and the Benefits}},
    howpublished = {{8BTC}},
    year = 2017,
    note = {\url{http://news.8btc.com/why-qtum-choose-utxo-model-and-the-benefits}}
}

@misc{Eth17,
    author = {{Ethereum Community}},
    title = {{Design rationale: Blockchain-level protocol: Account and not utxos}},
    howpublished = {{Ethereum Wiki}},
    year = 2017,
    note = {\url{https://github.com/ethereum/wiki/wiki/Design-Rationale#accounts-and-not-utxos}},
}

@misc{Ethereum,
	author = {Gavin Wood},
	title = {{Ethereum: A Secure Decentralised Generalised Transaction Ledger}},
    note = {\url{http://gavwood.com/paper.pdf}},
}

@misc{Miller12,
    author = {Andrew Miller},
    title = {{Storing UTXOs in a balanced Merkle tree (zero-trust nodes with O(1)-storage)}},
    year = 2012,
    howpublished = {{BitcoinTalk Forums}},
    note = {\url{https://bitcointalk.org/index.php?topic=101734.msg1117428}},
}


@misc{PartialFractionDecomposition,
author = "{Wikipedia contributors}",
title = "Partial fraction decomposition --- {Wikipedia}{,} The Free Encyclopedia",
year = "2019",
url = "https://en.wikipedia.org/w/index.php?title=Partial_fraction_decomposition&oldid=931350868",
note = "[Online; accessed 11-April-2020]"
}

@misc{Todd16,
 author = {Peter Todd},
 title = {Making UTXO set growth irrelevant with low-latency delayed TXO commitments},
 year = 2016,
 note = {\url{https://petertodd.org/2016/delayed-txo-commitments}},
}

@misc{Yangrui16,
author = {{Yangrui}},
howpublished = {{StackExchange Bitcoin}},
year = 2016,
title = {{Utxo model vs. account/balance model (forum thread)}},
note = {\url{https://bitcoin.stackexchange.com/questions/49853/utxo-model-vs-account-balance-model}},
}